<?xml version="1.0" encoding="UTF-8"?><collection xmlns="http://www.loc.gov/MARC21/slim"><record><leader>00597nam--2200205-i-4500</leader><controlfield tag="001">000019563</controlfield><controlfield tag="002">20161230</controlfield><controlfield tag="005">20161230201033</controlfield><controlfield tag="008">060222s1000------------r-----000-0-fre-d</controlfield><datafield ind1=" " ind2=" " tag="040"><subfield code="a">IFIN-HH</subfield></datafield><datafield ind1=" " ind2=" " tag="041"><subfield code="a">fre</subfield></datafield><datafield ind1=" " ind2=" " tag="080"><subfield code="a">539.2</subfield></datafield><datafield ind1="1" ind2=" " tag="100"><subfield code="a">Farge, Y</subfield></datafield><datafield ind1="1" ind2="0" tag="245"><subfield code="a">Perturbations electroniques et vibrationnelles localisees dans les solides ioniques</subfield><subfield code="c">Y. farge, m. fontana</subfield></datafield><datafield ind1=" " ind2=" " tag="260"><subfield code="a">Paris</subfield><subfield code="b">Masson Et Cie, Editeurs</subfield><subfield code="c">1974</subfield></datafield><datafield ind1=" " ind2=" " tag="300"><subfield code="a">IX + 241 P</subfield></datafield><datafield ind1=" " ind2=" " tag="490"><subfield code="a">Colection De Monographies De Physique</subfield><subfield code="v">No. 9</subfield></datafield><datafield ind1="1" ind2=" " tag="700"><subfield code="a">Fontana, M</subfield></datafield><datafield ind1=" " ind2=" " tag="852"><subfield code="a">42401</subfield><subfield code="c">539.2</subfield></datafield><datafield ind1=" " ind2=" " tag="CAT"><subfield code="a">Sys</subfield><subfield code="c">20121024</subfield><subfield code="h">151831</subfield></datafield></record></collection>